<?xml version="1.0" encoding="UTF-8"?>

                <record xmlns="http://www.loc.gov/MARC21/slim">
                    <leader>00000nam a2200000zcb4500</leader>
                    <controlfield tag="001">990005980860203331</controlfield>
                    <controlfield tag="003">AT-OBV</controlfield>
                    <controlfield tag="005">20180224050400.0</controlfield>
                    <controlfield tag="007">tu</controlfield>
                    <controlfield tag="008">931129|1950####au############|||#|#ger#u</controlfield>
                    <controlfield tag="009">AC00756435</controlfield>
                    <datafield tag="015" ind1=" " ind2=" ">
                        <subfield code="a">BI,065,6335</subfield>
                        <subfield code="2">dnb</subfield>
                    </datafield>
                    <datafield tag="035" ind1=" " ind2=" ">
                        <subfield code="a">AC00756435</subfield>
                    </datafield>
                    <datafield tag="035" ind1=" " ind2=" ">
                        <subfield code="a">(AT-OBV)AC00756435</subfield>
                    </datafield>
                    <datafield tag="035" ind1=" " ind2=" ">
                        <subfield code="a">(Aleph)000598086ACC01</subfield>
                    </datafield>
                    <datafield tag="035" ind1=" " ind2=" ">
                        <subfield code="a">(DE-599)OBVAC00756435</subfield>
                    </datafield>
                    <datafield tag="040" ind1=" " ind2=" ">
                        <subfield code="a">UBS</subfield>
                        <subfield code="b">ger</subfield>
                        <subfield code="d">WUW</subfield>
                        <subfield code="e">rakwb</subfield>
                    </datafield>
                    <datafield tag="041" ind1=" " ind2=" ">
                        <subfield code="a">ger</subfield>
                    </datafield>
                    <datafield tag="044" ind1=" " ind2=" ">
                        <subfield code="c">XA-AT</subfield>
                    </datafield>
                    <datafield tag="100" ind1="1" ind2=" ">
                        <subfield code="a">Coreth, Anna</subfield>
                        <subfield code="4">aut</subfield>
                    </datafield>
                    <datafield tag="245" ind1="0" ind2="0">
                        <subfield code="a">Österreichische Geschichtschreibung in der Barockzeit</subfield>
                        <subfield code="b">(1620 - 1740)</subfield>
                        <subfield code="c">von Anna Coreth</subfield>
                    </datafield>
                    <datafield tag="264" ind1=" " ind2="1">
                        <subfield code="a">Wien</subfield>
                        <subfield code="b">Holzhausen</subfield>
                        <subfield code="c">1950</subfield>
                    </datafield>
                    <datafield tag="300" ind1=" " ind2=" ">
                        <subfield code="a">IV, 179 S.</subfield>
                    </datafield>
                    <datafield tag="490" ind1="1" ind2=" ">
                        <subfield code="a">Veröffentlichungen der Kommission für Neuere Geschichte Österreichs</subfield>
                        <subfield code="v">37</subfield>
                    </datafield>
                    <datafield tag="500" ind1=" " ind2=" ">
                        <subfield code="a">Literaturverz. S. [177] - 179</subfield>
                    </datafield>
                    <datafield tag="689" ind1="0" ind2="0">
                        <subfield code="a">Österreich</subfield>
                        <subfield code="D">g</subfield>
                        <subfield code="0">(DE-588)4043271-3</subfield>
                    </datafield>
                    <datafield tag="689" ind1="0" ind2="1">
                        <subfield code="a">Geschichtsschreibung</subfield>
                        <subfield code="D">s</subfield>
                        <subfield code="0">(DE-588)4020531-9</subfield>
                    </datafield>
                    <datafield tag="689" ind1="0" ind2="2">
                        <subfield code="a">Geschichte 1620-1740</subfield>
                        <subfield code="A">z</subfield>
                    </datafield>
                    <datafield tag="689" ind1="0" ind2=" ">
                        <subfield code="5">AT-OBV</subfield>
                        <subfield code="5">UBG</subfield>
                    </datafield>
                    <datafield tag="689" ind1="1" ind2="0">
                        <subfield code="a">Barock</subfield>
                        <subfield code="D">s</subfield>
                        <subfield code="0">(DE-588)4004541-9</subfield>
                    </datafield>
                    <datafield tag="689" ind1="1" ind2="1">
                        <subfield code="a">Österreich</subfield>
                        <subfield code="D">g</subfield>
                        <subfield code="0">(DE-588)4043271-3</subfield>
                    </datafield>
                    <datafield tag="689" ind1="1" ind2="2">
                        <subfield code="a">Geschichtsschreibung</subfield>
                        <subfield code="D">s</subfield>
                        <subfield code="0">(DE-588)4020531-9</subfield>
                    </datafield>
                    <datafield tag="689" ind1="1" ind2="3">
                        <subfield code="a">Geschichte</subfield>
                        <subfield code="A">z</subfield>
                    </datafield>
                    <datafield tag="689" ind1="1" ind2=" ">
                        <subfield code="5">AT-OBV</subfield>
                        <subfield code="5">UBG</subfield>
                    </datafield>
                    <datafield tag="830" ind1=" " ind2="0">
                        <subfield code="w">(AT-OBV)AC00112585</subfield>
                        <subfield code="v">37</subfield>
                        <subfield code="9">O:1</subfield>
                    </datafield>
                    <datafield tag="852" ind1="0" ind2="1">
                        <subfield code="a">43ACC_UBS</subfield>
                        <subfield code="6">990001450200203341</subfield>
                        <subfield code="9">P</subfield>
                    </datafield>
                    <datafield tag="852" ind1="0" ind2="1">
                        <subfield code="a">43ACC_SLA</subfield>
                        <subfield code="6">990001597770204535</subfield>
                        <subfield code="9">P</subfield>
                    </datafield>
                    <datafield tag="852" ind1="0" ind2="1">
                        <subfield code="a">43ACC_WIENB</subfield>
                        <subfield code="6">9910676580004516</subfield>
                        <subfield code="9">P</subfield>
                    </datafield>
                    <datafield tag="852" ind1="0" ind2="1">
                        <subfield code="a">43ACC_UBW</subfield>
                        <subfield code="6">990012451660203332</subfield>
                        <subfield code="9">P</subfield>
                    </datafield>
                    <datafield tag="852" ind1="0" ind2="1">
                        <subfield code="a">43ACC_OEAW</subfield>
                        <subfield code="6">990001770330504498</subfield>
                        <subfield code="9">P</subfield>
                    </datafield>
                    <datafield tag="852" ind1="0" ind2="1">
                        <subfield code="a">43ACC_UBK</subfield>
                        <subfield code="6">990003136230203346</subfield>
                        <subfield code="9">P</subfield>
                    </datafield>
                    <datafield tag="852" ind1="0" ind2="1">
                        <subfield code="a">43ACC_DLI</subfield>
                        <subfield code="6">990004235530204524</subfield>
                        <subfield code="9">P</subfield>
                    </datafield>
                    <datafield tag="852" ind1="0" ind2="1">
                        <subfield code="a">43ACC_ONB</subfield>
                        <subfield code="6">990019539120603338</subfield>
                        <subfield code="9">P</subfield>
                    </datafield>
                    <datafield tag="852" ind1="0" ind2="1">
                        <subfield code="a">43ACC_BMA</subfield>
                        <subfield code="6">990005055800304534</subfield>
                        <subfield code="9">P</subfield>
                    </datafield>
                    <datafield tag="852" ind1="0" ind2="1">
                        <subfield code="a">43ACC_WUW</subfield>
                        <subfield code="6">990004582170203337</subfield>
                        <subfield code="9">P</subfield>
                    </datafield>
                    <datafield tag="852" ind1="0" ind2="1">
                        <subfield code="a">43ACC_UBG</subfield>
                        <subfield code="6">990000950600203339</subfield>
                        <subfield code="9">P</subfield>
                    </datafield>
                    <datafield tag="852" ind1="0" ind2="1">
                        <subfield code="a">43ACC_UBI</subfield>
                        <subfield code="6">990006987580103333</subfield>
                        <subfield code="9">P</subfield>
                    </datafield>
                    <datafield tag="852" ind1="0" ind2="1">
                        <subfield code="a">43ACC_AKW</subfield>
                        <subfield code="6">990000594210203343</subfield>
                        <subfield code="9">P</subfield>
                    </datafield>
                    <datafield tag="852" ind1="0" ind2="1">
                        <subfield code="a">43ACC_OOELB</subfield>
                        <subfield code="6">990003205680304508</subfield>
                        <subfield code="9">P</subfield>
                    </datafield>
                    <datafield tag="970" ind1="0" ind2=" ">
                        <subfield code="a">WUW-Retro</subfield>
                    </datafield>
                    <datafield tag="970" ind1="1" ind2=" ">
                        <subfield code="c">54</subfield>
                    </datafield>
                    <datafield tag="974" ind1="0" ind2="s">
                        <subfield code="F">030</subfield>
                        <subfield code="A">z|1dcr|||||17</subfield>
                    </datafield>
                    <datafield tag="974" ind1="0" ind2="s">
                        <subfield code="F">050</subfield>
                        <subfield code="A">a|a|||||||||||</subfield>
                    </datafield>
                    <datafield tag="974" ind1="0" ind2="s">
                        <subfield code="F">051</subfield>
                        <subfield code="A">s||||||</subfield>
                    </datafield>
                    <datafield tag="974" ind1="0" ind2="u">
                        <subfield code="V">903</subfield>
                        <subfield code="a">213</subfield>
                    </datafield>
                    <datafield tag="974" ind1="0" ind2="u">
                        <subfield code="V">908</subfield>
                        <subfield code="a">2134</subfield>
                        <subfield code="a">3214</subfield>
                    </datafield>
                </record>

